<?xml version="1.0"?>
<record xmlns="http://www.loc.gov/MARC21/slim">
  <leader>02428cjm a2200481Ii 4500</leader>
  <controlfield tag="001">a11415636</controlfield>
  <controlfield tag="003">SIRSI</controlfield>
  <controlfield tag="005">20151011003002.0</controlfield>
  <controlfield tag="007">sq zmnznnmznnb</controlfield>
  <controlfield tag="008">151005s1925    nyuzznn           n zxx d</controlfield>
  <datafield ind1="0" ind2="2" tag="028">
    <subfield code="a">C-7186</subfield>
    <subfield code="b">De Luxe</subfield>
  </datafield>
  <datafield ind1=" " ind2=" " tag="040">
    <subfield code="a">STF</subfield>
    <subfield code="b">eng</subfield>
    <subfield code="e">rda</subfield>
    <subfield code="c">STF</subfield>
  </datafield>
  <datafield ind1=" " ind2=" " tag="049">
    <subfield code="a">STFA</subfield>
  </datafield>
  <datafield ind1="0" ind2="0" tag="245">
    <subfield code="a">Recollections.</subfield>
    <subfield code="n">No. 2 /</subfield>
    <subfield code="c">compiled by Howard Lutter.</subfield>
  </datafield>
  <datafield ind1=" " ind2="1" tag="264">
    <subfield code="a">N.Y. :</subfield>
    <subfield code="b">De Luxe Reproducing Roll Corporation,</subfield>
    <subfield code="c">[1925]</subfield>
  </datafield>
  <datafield ind1=" " ind2=" " tag="300">
    <subfield code="a">1 audio roll ;</subfield>
    <subfield code="c">12 1/4 in. x 2 3/4 in.</subfield>
  </datafield>
  <datafield ind1=" " ind2=" " tag="336">
    <subfield code="a">performed music</subfield>
    <subfield code="2">rdacontent</subfield>
  </datafield>
  <datafield ind1=" " ind2=" " tag="337">
    <subfield code="a">audio</subfield>
    <subfield code="2">rdamedia</subfield>
  </datafield>
  <datafield ind1=" " ind2=" " tag="338">
    <subfield code="a">audio roll</subfield>
    <subfield code="2">rdacarrier</subfield>
  </datafield>
  <datafield ind1=" " ind2=" " tag="344">
    <subfield code="a">analog</subfield>
    <subfield code="b">mechanical</subfield>
    <subfield code="c">tempo 80</subfield>
  </datafield>
  <datafield ind1="0" ind2="1" tag="382">
    <subfield code="a">piano</subfield>
    <subfield code="n">1</subfield>
    <subfield code="s">1</subfield>
    <subfield code="2">lcmpt</subfield>
  </datafield>
  <datafield ind1=" " ind2=" " tag="500">
    <subfield code="a">Title from container.</subfield>
  </datafield>
  <datafield ind1=" " ind2=" " tag="500">
    <subfield code="a">Welte-Mignon licensee roll.</subfield>
  </datafield>
  <datafield ind1="0" ind2="0" tag="505">
    <subfield code="t">I love you truly /</subfield>
    <subfield code="r">Jacobs-Bond --</subfield>
    <subfield code="t">Sunshine of your smile /</subfield>
    <subfield code="r">Ray --</subfield>
    <subfield code="t">Mighty lak' a rose /</subfield>
    <subfield code="r">Nevin --</subfield>
    <subfield code="t">Butterfly /</subfield>
    <subfield code="r">Grieg --</subfield>
    <subfield code="t">At dawning /</subfield>
    <subfield code="r">Cadman --</subfield>
    <subfield code="t">Believe me, if all those endearing young charms --</subfield>
    <subfield code="t">Badinage /</subfield>
    <subfield code="r">Herbert.</subfield>
  </datafield>
  <datafield ind1="4" ind2=" " tag="510">
    <subfield code="a">Smith, Charles Davis &amp; Richard J. Howe. The Welte-Mignon, 1994,</subfield>
    <subfield code="c">page 284.</subfield>
  </datafield>
  <datafield ind1=" " ind2="0" tag="650">
    <subfield code="a">Piano music.</subfield>
    <subfield code=" ">^A1049172</subfield>
  </datafield>
  <datafield ind1=" " ind2="0" tag="650">
    <subfield code="a">Player piano rolls.</subfield>
    <subfield code=" ">^A1050086</subfield>
  </datafield>
  <datafield ind1=" " ind2="7" tag="655">
    <subfield code="a">Reproducing piano rolls.</subfield>
    <subfield code="2">local</subfield>
    <subfield code=" ">UNAUTHORIZED</subfield>
  </datafield>
  <datafield ind1="1" ind2=" " tag="700">
    <subfield code="a">Lutter, Howard,</subfield>
    <subfield code="e">compiler.</subfield>
    <subfield code=" ">^A3341029</subfield>
  </datafield>
  <datafield ind1="1" ind2="2" tag="700">
    <subfield code="i">Container of (work):</subfield>
    <subfield code="a">Jacobs-Bond, Carrie,</subfield>
    <subfield code="d">1862-1946.</subfield>
    <subfield code="t">Songs as unpretentious as the wild rose</subfield>
    <subfield code="n">(1901).</subfield>
    <subfield code="p">I love you truly.</subfield>
    <subfield code=" ">^A1708744</subfield>
  </datafield>
  <datafield ind1="1" ind2="2" tag="700">
    <subfield code="i">Container of (work):</subfield>
    <subfield code="a">Ray, Lilian.</subfield>
    <subfield code="t">Sunshine of your smile.</subfield>
    <subfield code=" ">^A1898112</subfield>
  </datafield>
  <datafield ind1="1" ind2="2" tag="700">
    <subfield code="i">Container of (work):</subfield>
    <subfield code="a">Nevin, Ethelbert,</subfield>
    <subfield code="d">1862-1901.</subfield>
    <subfield code="t">Mighty lak' a rose.</subfield>
    <subfield code=" ">^A1694061</subfield>
  </datafield>
  <datafield ind1="1" ind2="2" tag="700">
    <subfield code="i">Container of (work):</subfield>
    <subfield code="a">Grieg, Edvard,</subfield>
    <subfield code="d">1843-1907.</subfield>
    <subfield code="t">Lyriske stykker,</subfield>
    <subfield code="n">op. 43.</subfield>
    <subfield code="p">Sommerfugl.</subfield>
    <subfield code=" ">^A1539355</subfield>
  </datafield>
  <datafield ind1="1" ind2="2" tag="700">
    <subfield code="i">Container of (work):</subfield>
    <subfield code="a">Cadman, Charles Wakefield,</subfield>
    <subfield code="d">1881-1946.</subfield>
    <subfield code="t">At dawning.</subfield>
    <subfield code=" ">^A1425490</subfield>
  </datafield>
  <datafield ind1="1" ind2="2" tag="700">
    <subfield code="i">Container of (work):</subfield>
    <subfield code="a">Moore, Thomas,</subfield>
    <subfield code="d">1779-1852.</subfield>
    <subfield code="t">Irish melodies.</subfield>
    <subfield code="p">Believe me if all those endearing young charms.</subfield>
    <subfield code=" ">^A1923658</subfield>
  </datafield>
  <datafield ind1="1" ind2="2" tag="700">
    <subfield code="i">Container of (work):</subfield>
    <subfield code="a">Herbert, Victor,</subfield>
    <subfield code="d">1859-1924.</subfield>
    <subfield code="t">Badinage.</subfield>
    <subfield code=" ">^A1665388</subfield>
  </datafield>
  <datafield ind1="2" ind2=" " tag="710">
    <subfield code="a">De Luxe Reproducing Roll Corporation,</subfield>
    <subfield code="e">publisher.</subfield>
    <subfield code=" ">^A3282154</subfield>
  </datafield>
  <datafield ind1=" " ind2=" " tag="916">
    <subfield code="a">DATE CATALOGED</subfield>
    <subfield code="b">20151005</subfield>
  </datafield>
  <datafield ind1=" " ind2=" " tag="994">
    <subfield code="a">C0</subfield>
    <subfield code="b">STF</subfield>
  </datafield>
  <datafield ind1=" " ind2="4" tag="690">
    <subfield code="a">Denis Condon Collection of Reproducing Pianos and Rolls.</subfield>
  </datafield>
  <datafield ind1=" " ind2=" " tag="035">
    <subfield code="a">(OCoLC-M)922898510</subfield>
  </datafield>
  <datafield ind1=" " ind2=" " tag="596">
    <subfield code="a">5</subfield>
  </datafield>
  <datafield ind1=" " ind2=" " tag="999">
    <subfield code="a">CONDON ROLL 1183</subfield>
    <subfield code="w">ALPHANUM</subfield>
    <subfield code="c">1</subfield>
    <subfield code="i">36105225771828</subfield>
    <subfield code="l">RECORDINGS</subfield>
    <subfield code="m">ARS</subfield>
    <subfield code="r">N</subfield>
    <subfield code="s">Y</subfield>
    <subfield code="t">NH-RCORDNG</subfield>
    <subfield code="u">10/5/2015</subfield>
  </datafield>
</record>
